<record><leader>00000cas a22000007a 4500</leader><controlfield tag="001">29981134</controlfield><controlfield tag="008">940317d1875187unyuwr ne      0    0eng d</controlfield><datafield ind1=" " ind2=" " tag="010"><subfield code="a">sn 94057729 </subfield></datafield><datafield ind1=" " ind2=" " tag="040"><subfield code="a">NYS</subfield><subfield code="b">eng</subfield><subfield code="c">NYS</subfield><subfield code="d">OCLCQ</subfield><subfield code="d">OCLCF</subfield><subfield code="d">OCLCO</subfield></datafield><datafield ind1=" " ind2=" " tag="042"><subfield code="a">msc</subfield></datafield><datafield ind1=" " ind2=" " tag="043"><subfield code="a">n-us-ny</subfield></datafield><datafield ind1="0" ind2="0" tag="245"><subfield code="a">Theresa weekly journal.</subfield></datafield><datafield ind1=" " ind2=" " tag="260"><subfield code="a">Theresa, N.Y. :</subfield><subfield code="b">Durham &amp; Gillette,</subfield><subfield code="c">1875-</subfield></datafield><datafield ind1=" " ind2=" " tag="300"><subfield code="a">v.</subfield></datafield><datafield ind1=" " ind2=" " tag="310"><subfield code="a">Weekly</subfield></datafield><datafield ind1="0" ind2=" " tag="362"><subfield code="a">Apr. 30, 1875-</subfield></datafield><datafield ind1=" " ind2=" " tag="500"><subfield code="a">"Fearless for the right."</subfield></datafield><datafield ind1=" " ind2=" " tag="580"><subfield code="a">Ed. for Carthage, N.Y.: Northern New Yorker (Carthage, N.Y.).</subfield></datafield><datafield ind1=" " ind2="0" tag="651"><subfield code="a">Jefferson County (N.Y.)</subfield><subfield code="v">Newspapers.</subfield></datafield><datafield ind1=" " ind2="4" tag="651"><subfield code="a">Theresa (N.Y.)</subfield><subfield code="v">Newspapers.</subfield></datafield><datafield ind1=" " ind2="7" tag="655"><subfield code="a">Newspapers.</subfield><subfield code="2">fast</subfield><subfield code="0">(OCoLC)fst01423814</subfield></datafield><datafield ind1=" " ind2="7" tag="651"><subfield code="a">New York (State)</subfield><subfield code="z">Jefferson County.</subfield><subfield code="2">fast</subfield><subfield code="0">(OCoLC)fst01209430</subfield></datafield><datafield ind1=" " ind2=" " tag="752"><subfield code="a">United States</subfield><subfield code="b">New York</subfield><subfield code="c">Jefferson</subfield><subfield code="d">Theresa.</subfield></datafield><datafield ind1="1" ind2=" " tag="775"><subfield code="t">Northern New Yorker (Carthage, N.Y.)</subfield><subfield code="w">(DLC)sn 85026182</subfield><subfield code="w">(OCoLC)12084909</subfield></datafield></record>